/home/kevin/usr/NU/MSDS590_Thesis/references.bib